@Book{mate,
author = "Ramón Espinosa Armenta",
year = "2016",
title = "Matemáticas Discretas 2a. edición",
publisher = "Alfaomega"
}